@article{дейт2001введение,
  title={Введение в системы баз данных},
  author={Дейт, К Дж},
  year={2001}
}

@article{роб2004системы,
  title={Системы баз данных: проектирование, реализация и управление},
  author={Роб, Питер and Коронел, Карлос},
  year={2004},
  publisher={БХВ-Петербург}
}

@article{кузнецов1998основы,
  title={Основы современных баз данных},
  author={Кузнецов, СД},
  journal={М: Центр Информационных Технологий},
  year={1998}
}

@misc{интуит,
	title="Модели организации баз данных [Электронный ресурс].",
	howpublished="--- Режим доступа:  \url{https://intuit.ru/studies/courses/3439/681/lecture/} (дата обращения: 30.04.2024)."
}

@misc{БГЭУ,
	title="Лекция на тему МОДЕЛИ ДАННЫХ [Электронный ресурс].",
	howpublished="--- Режим доступа:  \url{https://bseu.by/it/tohod/} (дата обращения: 30.04.2024)."
}

@article{парфенов2016постреляционные,
  title={Постреляционные хранилища данных},
  author={Парфенов, Юрий Павлович},
  year={2016},
  publisher={Издательство Уральского университета}
}

@misc{DB-Engines,
	title="DB-Engines Ranking [Электронный ресурс].",
	howpublished="--- Режим доступа:  \url{https://db-engines.com/en/ranking} (дата обращения: 09.05.2024)."
}

@misc{Oracle,
	title="
Oracle Россия и СНГ [Электронный ресурс].",
	howpublished="--- Режим доступа:  \url{https://www.oracle.com/cis/database/} (дата обращения: 09.05.2024)."
}

@misc{MySQL,
	title="MySQL [Электронный ресурс].",
	howpublished="--- Режим доступа:  \url{https://www.mysql.com/} (дата обращения: 09.05.2024)."
}

@misc{MicrosoftSQLServer,
	title="Microsoft SQL server [Электронный ресурс].",
	howpublished="--- Режим доступа:  \url{https://www.microsoft.com/ru-ru/sql-server/sql-server-2019} (дата обращения: 09.05.2024)."
}

@misc{PostgreSQL,
	title="PostgreSQL [Электронный ресурс].",
	howpublished="--- Режим доступа:  \url{https://www.postgresql.org/} (дата обращения: 09.05.2024)."
}